<?xml version="1.0" encoding="UTF-8"?><collection xmlns="http://www.loc.gov/MARC21/slim"><record><leader>00509nam--2200181-i-4500</leader><controlfield tag="001">000048041</controlfield><controlfield tag="002">20161230</controlfield><controlfield tag="005">20161230201046</controlfield><controlfield tag="008">060222s1000------------r-----000-0-eng-d</controlfield><datafield ind1=" " ind2=" " tag="040"><subfield code="a">IFIN-HH</subfield></datafield><datafield ind1=" " ind2=" " tag="080"><subfield code="a">535.31</subfield></datafield><datafield ind1="1" ind2=" " tag="100"><subfield code="a">Zimmer, Hans-georg</subfield></datafield><datafield ind1="1" ind2="0" tag="245"><subfield code="a">Geometrical optics</subfield><subfield code="c">Zimmer hans-georg</subfield></datafield><datafield ind1=" " ind2=" " tag="260"><subfield code="a">NEW YORK</subfield><subfield code="b">Springer-verlag</subfield><subfield code="c">1970</subfield></datafield><datafield ind1=" " ind2=" " tag="300"><subfield code="a">171P. + 46FIG</subfield></datafield><datafield ind1=" " ind2=" " tag="490"><subfield code="a">Applied Physics And Engineering. An International Series</subfield><subfield code="v">Vol. 9</subfield></datafield><datafield ind1=" " ind2=" " tag="852"><subfield code="a">34419</subfield><subfield code="c">535</subfield></datafield><datafield ind1=" " ind2=" " tag="CAT"><subfield code="a">Sys</subfield><subfield code="c">20101028</subfield><subfield code="h">114936</subfield></datafield></record></collection>